@misc{911,
  author="911.gov",
  title="{	911.gov }",
  note= {\url{	https://www.911.gov/}, accessed 03-5-2018},
}
@misc{poison,
  author="aapcc.org",
  title="{	aapcc.org - American Association of Poison Control Centers}",
  note= {\url{	http://www.aapcc.org/}, accessed 03-5-2018},
}
@misc{suicide,
  author="Suicidepreventionlifeline.org",
  title="{	Suicidepreventionlifeline.org - National Suicide Prevention Lifeline}",
  note= {\url{	https://suicidepreventionlifeline.org/}, accessed 03-5-2018},
}

