@misc{google,
  author="Google",
  title="{Google.com}",
  note= {\url{	https://www.google.com/}, accessed 03-11-2018},
}