@misc{seqdia,
  author="Sequencediagram.org",
  title="{	SequenceDiagram.org - Free Sequence Diagram Tool Online}",
  note= {\url{	https://sequencediagram.org/}, accessed 02-5-2018},
}
