@misc{oceantrash,
  author="Alamy Photograph WaterFrame",
  title="{Ocean Trash: 5.25 Trillion Pieces and Counting, but Big Questions Remain}",
  month = jan,
  year = {2015},
  note={\url{https://news.nationalgeographic.com/news/2015/01/150109-oceans-plastic-sea-trash-science-marine-debris/}, accessed 01-15-2018},
}
@misc{litterfacts,
  author="Cathy",
  title="{Littering Facts and Statistics}",
  month = mar,
  year = {2009},
  note={\url{http://www.greenecoservices.com/littering-facts-and-statistics/}, accessed 01-15-2018},
}
@misc{litterfactslutherking,
  author="Luther King",
  title="{9 Interesting Facts and Statistics about Littering - litter. it costs you.}",
  month = nov,
  year = {2013},
  note={\url{http://www.litteritcostsyou.org/9-interesting-facts-and-statistics-about-littering/}, accessed 01-15-2018},
}
@misc{infographic,
  author="Freejunkremovalquotes.com",
  title="{Eye-Opening Statistics on Littering | Visual.ly}",
  month = apr,
  year = {2013},
  note={\url{	https://visual.ly/community/infographic/environment/eye-opening-statistics-littering/}, accessed 01-15-2018},
}