@misc{umldia,
  author="Steffen Macke",
  title="{Dia Sheet UML: Editor for UML Static Structure Diagrams}",
  year = {2014},
  note={\url{	http://dia-installer.de/shapes/UML/index.html.en}, accessed 02-5-2018},
}