@misc{seqdia,
  author="Sequencediagram.org",
  title="{SequenceDiagram.org - Free Sequence Diagram Tool Online}",
  note= {\url{https://sequencediagram.org/}, accessed 02-5-2018},
}
@misc{umldia,
  author="Steffen Macke",
  title="{Dia Sheet UML: Editor for UML Static Structure Diagrams}",
  year = {2014},
  note={\url{http://dia-installer.de/shapes/UML/index.html.en}, accessed 02-5-2018},
}
